<record><leader>00000cas a2200000 i 4500</leader><controlfield tag="001">15604564</controlfield><controlfield tag="008">870428d19071918inuwr ne      0    0eng c</controlfield><datafield ind1=" " ind2=" " tag="010"><subfield code="a">sn 87055999 </subfield></datafield><datafield ind1=" " ind2=" " tag="040"><subfield code="a">NPI</subfield><subfield code="b">eng</subfield><subfield code="e">rda</subfield><subfield code="c">NPI</subfield><subfield code="d">OCLCQ</subfield><subfield code="d">IUL</subfield><subfield code="d">OCLCF</subfield></datafield><datafield ind1=" " ind2=" " tag="042"><subfield code="a">pcc</subfield></datafield><datafield ind1=" " ind2=" " tag="043"><subfield code="a">n-us-in</subfield></datafield><datafield ind1="0" ind2="4" tag="245"><subfield code="a">The Grabill review.</subfield></datafield><datafield ind1=" " ind2="1" tag="264"><subfield code="a">Grabill, Ind. :</subfield><subfield code="b">Review Co.,</subfield><subfield code="c">-1918.</subfield></datafield><datafield ind1=" " ind2=" " tag="300"><subfield code="a">volumes</subfield></datafield><datafield ind1=" " ind2=" " tag="310"><subfield code="a">Weekly</subfield></datafield><datafield ind1=" " ind2=" " tag="336"><subfield code="a">text</subfield><subfield code="b">txt</subfield><subfield code="2">rdacontent</subfield></datafield><datafield ind1=" " ind2=" " tag="337"><subfield code="a">unmediated</subfield><subfield code="b">n</subfield><subfield code="2">rdamedia</subfield></datafield><datafield ind1=" " ind2=" " tag="338"><subfield code="a">volume</subfield><subfield code="b">nc</subfield><subfield code="2">rdacarrier</subfield></datafield><datafield ind1="1" ind2=" " tag="362"><subfield code="a">Began in 1907.</subfield></datafield><datafield ind1="0" ind2=" " tag="362"><subfield code="a">-vol. 11, no. 36 (February 28, 1918).</subfield></datafield><datafield ind1=" " ind2=" " tag="500"><subfield code="a">"The newspaper for the towns of Maysville, Spencerville, Leo, Cedarville and Hurshtown."</subfield></datafield><datafield ind1=" " ind2=" " tag="515"><subfield code="a">Suspension announced with Feb. 28, 1918 issue was evidently permanent.</subfield></datafield><datafield ind1=" " ind2=" " tag="580"><subfield code="a">Merged with: The Woodburn news; and: New Haven tribune; to form: Allen County rural review.</subfield></datafield><datafield ind1=" " ind2=" " tag="588"><subfield code="a">Description based on: Vol. 6, no. 32 (February 12, 1913); title from masthead, U.S. Newspaper Archive (viewed July 10, 2017).</subfield></datafield><datafield ind1=" " ind2="0" tag="651"><subfield code="a">Grabill (Ind.)</subfield><subfield code="v">Newspapers.</subfield></datafield><datafield ind1=" " ind2="0" tag="651"><subfield code="a">Spencerville (Ind.)</subfield><subfield code="v">Newspapers.</subfield></datafield><datafield ind1=" " ind2="0" tag="651"><subfield code="a">Leo (Ind.)</subfield><subfield code="v">Newspapers.</subfield></datafield><datafield ind1=" " ind2="0" tag="651"><subfield code="a">Cedarville (Ind.)</subfield><subfield code="v">Newspapers.</subfield></datafield><datafield ind1=" " ind2="0" tag="651"><subfield code="a">Allen County (Ind.)</subfield><subfield code="v">Newspapers.</subfield></datafield><datafield ind1=" " ind2="7" tag="651"><subfield code="a">Indiana</subfield><subfield code="z">Allen County.</subfield><subfield code="2">fast</subfield><subfield code="0">(OCoLC)fst01207514</subfield></datafield><datafield ind1=" " ind2="7" tag="651"><subfield code="a">Indiana</subfield><subfield code="z">Cedarville.</subfield><subfield code="2">fast</subfield><subfield code="0">(OCoLC)fst01222218</subfield></datafield><datafield ind1=" " ind2="7" tag="651"><subfield code="a">Indiana</subfield><subfield code="z">Grabill.</subfield><subfield code="2">fast</subfield><subfield code="0">(OCoLC)fst01222220</subfield></datafield><datafield ind1=" " ind2="7" tag="651"><subfield code="a">Indiana</subfield><subfield code="z">Leo.</subfield><subfield code="2">fast</subfield><subfield code="0">(OCoLC)fst01222219</subfield></datafield><datafield ind1=" " ind2="7" tag="651"><subfield code="a">Indiana</subfield><subfield code="z">Spencerville.</subfield><subfield code="2">fast</subfield><subfield code="0">(OCoLC)fst01868546</subfield></datafield><datafield ind1=" " ind2="7" tag="655"><subfield code="a">Newspapers.</subfield><subfield code="2">fast</subfield><subfield code="0">(OCoLC)fst01423814</subfield></datafield><datafield ind1=" " ind2=" " tag="752"><subfield code="a">United States</subfield><subfield code="b">Indiana</subfield><subfield code="c">Allen</subfield><subfield code="d">Grabill.</subfield></datafield><datafield ind1="1" ind2="7" tag="785"><subfield code="t">Woodburn news</subfield><subfield code="w">(DLC)sn 87055989</subfield><subfield code="w">(OCoLC)15604461</subfield></datafield><datafield ind1="1" ind2="7" tag="785"><subfield code="t">New Haven tribune</subfield><subfield code="w">(DLC)sn 87055987</subfield><subfield code="w">(OCoLC)15604537</subfield></datafield><datafield ind1="1" ind2="7" tag="785"><subfield code="t">Allen County rural review</subfield><subfield code="w">(DLC)sn 87055988</subfield><subfield code="w">(OCoLC)15604505</subfield></datafield><datafield ind1="4" ind2="1" tag="856"><subfield code="u">https://access.newspaperarchive.com/us/indiana/grabill/grabill-review/</subfield></datafield></record>